% Archivo de bibliografía para la presentación
% Formato BibTeX

% Ejemplo de artículo de revista
@article{ejemplo_articulo,
    author = {García, Juan and López, María},
    title = {Algoritmos Eficientes para Resolución de Problemas},
    journal = {Revista de Informática Aplicada},
    year = {2023},
    volume = {15},
    number = {3},
    pages = {125--140},
    doi = {10.1234/ria.2023.15.3.125}
}

% Ejemplo de libro
@book{ejemplo_libro,
    author = {Martínez, Pedro},
    title = {Fundamentos de Programación Algorítmica},
    publisher = {Editorial Técnica},
    year = {2022},
    address = {Madrid, España},
    edition = {3ra},
    isbn = {978-84-1234-567-8}
}

% Ejemplo de capítulo de libro
@inbook{ejemplo_capitulo,
    author = {Rodríguez, Ana},
    title = {Estructuras de Datos Avanzadas},
    booktitle = {Manual de Programación Moderna},
    editor = {Fernández, Carlos},
    publisher = {Ediciones Universitarias},
    year = {2023},
    pages = {89--124},
    chapter = {4}
}

% Ejemplo de artículo de conferencia
@inproceedings{ejemplo_conferencia,
    author = {Silva, Roberto and Morales, Elena},
    title = {Optimización de Algoritmos de Búsqueda},
    booktitle = {Actas del Congreso Nacional de Informática},
    year = {2023},
    pages = {45--52},
    address = {Barcelona, España},
    organization = {Sociedad Española de Informática}
}

% Ejemplo de tesis
@phdthesis{ejemplo_tesis,
    author = {González, Luis},
    title = {Métodos Heurísticos en Problemas de Optimización Combinatoria},
    school = {Universidad Politécnica de Madrid},
    year = {2022},
    type = {Tesis Doctoral},
    address = {Madrid, España}
}

% Ejemplo de página web
@misc{ejemplo_web,
    author = {Python Software Foundation},
    title = {Python Programming Language},
    year = {2023},
    url = {https://www.python.org},
    note = {Accedido: 15 de noviembre de 2023}
}

% Ejemplo de manual técnico
@manual{ejemplo_manual,
    title = {Manual de Usuario LaTeX},
    organization = {LaTeX Project Team},
    year = {2023},
    url = {https://www.latex-project.org/help/documentation/},
    note = {Versión 2023.1}
}